%YAML 1.1
%TAG !u! tag:unity3d.com,2011:
--- !u!1 &4108280897855537932
GameObject:
  m_ObjectHideFlags: 0
  m_CorrespondingSourceObject: {fileID: 0}
  m_PrefabInstance: {fileID: 0}
  m_PrefabAsset: {fileID: 0}
  serializedVersion: 6
  m_Component:
  - component: {fileID: 8749030997847615722}
  - component: {fileID: 8630543257271297393}
  m_Layer: 11
  m_Name: spritesheet_tiles_154
  m_TagString: Untagged
  m_Icon: {fileID: 0}
  m_NavMeshLayer: 0
  m_StaticEditorFlags: 0
  m_IsActive: 1
--- !u!4 &8749030997847615722
Transform:
  m_ObjectHideFlags: 0
  m_CorrespondingSourceObject: {fileID: 0}
  m_PrefabInstance: {fileID: 0}
  m_PrefabAsset: {fileID: 0}
  m_GameObject: {fileID: 4108280897855537932}
  m_LocalRotation: {x: -0, y: -0, z: -0, w: 1}
  m_LocalPosition: {x: 1, y: 0, z: 0}
  m_LocalScale: {x: 1, y: 1, z: 1}
  m_Children: []
  m_Father: {fileID: 7416685480213684666}
  m_RootOrder: 2
  m_LocalEulerAnglesHint: {x: 0, y: 0, z: 0}
--- !u!212 &8630543257271297393
SpriteRenderer:
  m_ObjectHideFlags: 0
  m_CorrespondingSourceObject: {fileID: 0}
  m_PrefabInstance: {fileID: 0}
  m_PrefabAsset: {fileID: 0}
  m_GameObject: {fileID: 4108280897855537932}
  m_Enabled: 1
  m_CastShadows: 0
  m_ReceiveShadows: 0
  m_DynamicOccludee: 1
  m_MotionVectors: 1
  m_LightProbeUsage: 1
  m_ReflectionProbeUsage: 1
  m_RayTracingMode: 0
  m_RenderingLayerMask: 1
  m_RendererPriority: 0
  m_Materials:
  - {fileID: 10754, guid: 0000000000000000f000000000000000, type: 0}
  m_StaticBatchInfo:
    firstSubMesh: 0
    subMeshCount: 0
  m_StaticBatchRoot: {fileID: 0}
  m_ProbeAnchor: {fileID: 0}
  m_LightProbeVolumeOverride: {fileID: 0}
  m_ScaleInLightmap: 1
  m_ReceiveGI: 1
  m_PreserveUVs: 0
  m_IgnoreNormalsForChartDetection: 0
  m_ImportantGI: 0
  m_StitchLightmapSeams: 1
  m_SelectedEditorRenderState: 0
  m_MinimumChartSize: 4
  m_AutoUVMaxDistance: 0.5
  m_AutoUVMaxAngle: 89
  m_LightmapParameters: {fileID: 0}
  m_SortingLayerID: 0
  m_SortingLayer: 0
  m_SortingOrder: 15
  m_Sprite: {fileID: 8387263988492424111, guid: 8788b229f12bc0244ba8148fa71697dc,
    type: 3}
  m_Color: {r: 1, g: 1, b: 1, a: 1}
  m_FlipX: 0
  m_FlipY: 0
  m_DrawMode: 0
  m_Size: {x: 1, y: 1}
  m_AdaptiveModeThreshold: 0.5
  m_SpriteTileMode: 0
  m_WasSpriteAssigned: 1
  m_MaskInteraction: 0
  m_SpriteSortPoint: 0
--- !u!1 &7363281323223492976
GameObject:
  m_ObjectHideFlags: 0
  m_CorrespondingSourceObject: {fileID: 0}
  m_PrefabInstance: {fileID: 0}
  m_PrefabAsset: {fileID: 0}
  serializedVersion: 6
  m_Component:
  - component: {fileID: 7416685480213684666}
  - component: {fileID: 1027881828944880552}
  m_Layer: 11
  m_Name: AquariumLigth
  m_TagString: Untagged
  m_Icon: {fileID: 0}
  m_NavMeshLayer: 0
  m_StaticEditorFlags: 0
  m_IsActive: 1
--- !u!4 &7416685480213684666
Transform:
  m_ObjectHideFlags: 0
  m_CorrespondingSourceObject: {fileID: 0}
  m_PrefabInstance: {fileID: 0}
  m_PrefabAsset: {fileID: 0}
  m_GameObject: {fileID: 7363281323223492976}
  m_LocalRotation: {x: 0, y: 0, z: -0.022600135, w: 0.9997446}
  m_LocalPosition: {x: 13.16, y: 20.56, z: 0}
  m_LocalScale: {x: 1, y: 1, z: 1}
  m_Children:
  - {fileID: 4400343508064623591}
  - {fileID: 6883995522933194677}
  - {fileID: 8749030997847615722}
  m_Father: {fileID: 0}
  m_RootOrder: 0
  m_LocalEulerAnglesHint: {x: 0, y: 0, z: -2.59}
--- !u!61 &1027881828944880552
BoxCollider2D:
  m_ObjectHideFlags: 0
  m_CorrespondingSourceObject: {fileID: 0}
  m_PrefabInstance: {fileID: 0}
  m_PrefabAsset: {fileID: 0}
  m_GameObject: {fileID: 7363281323223492976}
  m_Enabled: 1
  m_Density: 1
  m_Material: {fileID: 0}
  m_IsTrigger: 0
  m_UsedByEffector: 0
  m_UsedByComposite: 0
  m_Offset: {x: 0.49989253, y: -0.00017362833}
  m_SpriteTilingProperty:
    border: {x: 0, y: 0, z: 0, w: 0}
    pivot: {x: 0, y: 0}
    oldSize: {x: 0, y: 0}
    newSize: {x: 0, y: 0}
    adaptiveTilingThreshold: 0
    drawMode: 0
    adaptiveTiling: 0
  m_AutoTiling: 0
  serializedVersion: 2
  m_Size: {x: 1.3127898, y: 0.71810615}
  m_EdgeRadius: 0
--- !u!1 &8681101165856858409
GameObject:
  m_ObjectHideFlags: 0
  m_CorrespondingSourceObject: {fileID: 0}
  m_PrefabInstance: {fileID: 0}
  m_PrefabAsset: {fileID: 0}
  serializedVersion: 6
  m_Component:
  - component: {fileID: 6883995522933194677}
  - component: {fileID: 8147402382747211733}
  m_Layer: 11
  m_Name: spritesheet_tiles_153
  m_TagString: Untagged
  m_Icon: {fileID: 0}
  m_NavMeshLayer: 0
  m_StaticEditorFlags: 0
  m_IsActive: 1
--- !u!4 &6883995522933194677
Transform:
  m_ObjectHideFlags: 0
  m_CorrespondingSourceObject: {fileID: 0}
  m_PrefabInstance: {fileID: 0}
  m_PrefabAsset: {fileID: 0}
  m_GameObject: {fileID: 8681101165856858409}
  m_LocalRotation: {x: -0, y: -0, z: -0, w: 1}
  m_LocalPosition: {x: 0, y: 0, z: 0}
  m_LocalScale: {x: 1, y: 1, z: 1}
  m_Children: []
  m_Father: {fileID: 7416685480213684666}
  m_RootOrder: 1
  m_LocalEulerAnglesHint: {x: 0, y: 0, z: 0}
--- !u!212 &8147402382747211733
SpriteRenderer:
  m_ObjectHideFlags: 0
  m_CorrespondingSourceObject: {fileID: 0}
  m_PrefabInstance: {fileID: 0}
  m_PrefabAsset: {fileID: 0}
  m_GameObject: {fileID: 8681101165856858409}
  m_Enabled: 1
  m_CastShadows: 0
  m_ReceiveShadows: 0
  m_DynamicOccludee: 1
  m_MotionVectors: 1
  m_LightProbeUsage: 1
  m_ReflectionProbeUsage: 1
  m_RayTracingMode: 0
  m_RenderingLayerMask: 1
  m_RendererPriority: 0
  m_Materials:
  - {fileID: 10754, guid: 0000000000000000f000000000000000, type: 0}
  m_StaticBatchInfo:
    firstSubMesh: 0
    subMeshCount: 0
  m_StaticBatchRoot: {fileID: 0}
  m_ProbeAnchor: {fileID: 0}
  m_LightProbeVolumeOverride: {fileID: 0}
  m_ScaleInLightmap: 1
  m_ReceiveGI: 1
  m_PreserveUVs: 0
  m_IgnoreNormalsForChartDetection: 0
  m_ImportantGI: 0
  m_StitchLightmapSeams: 1
  m_SelectedEditorRenderState: 0
  m_MinimumChartSize: 4
  m_AutoUVMaxDistance: 0.5
  m_AutoUVMaxAngle: 89
  m_LightmapParameters: {fileID: 0}
  m_SortingLayerID: 0
  m_SortingLayer: 0
  m_SortingOrder: 15
  m_Sprite: {fileID: -4884089585564737327, guid: 8788b229f12bc0244ba8148fa71697dc,
    type: 3}
  m_Color: {r: 1, g: 1, b: 1, a: 1}
  m_FlipX: 0
  m_FlipY: 0
  m_DrawMode: 0
  m_Size: {x: 1, y: 1}
  m_AdaptiveModeThreshold: 0.5
  m_SpriteTileMode: 0
  m_WasSpriteAssigned: 1
  m_MaskInteraction: 0
  m_SpriteSortPoint: 0
--- !u!1001 &4194343997019723915
PrefabInstance:
  m_ObjectHideFlags: 0
  serializedVersion: 2
  m_Modification:
    m_TransformParent: {fileID: 7416685480213684666}
    m_Modifications:
    - target: {fileID: 514647032414356332, guid: 077e879027da6b64fb90cc08e7565f89,
        type: 3}
      propertyPath: m_RootOrder
      value: 0
      objectReference: {fileID: 0}
    - target: {fileID: 514647032414356332, guid: 077e879027da6b64fb90cc08e7565f89,
        type: 3}
      propertyPath: m_LocalScale.x
      value: 0.4
      objectReference: {fileID: 0}
    - target: {fileID: 514647032414356332, guid: 077e879027da6b64fb90cc08e7565f89,
        type: 3}
      propertyPath: m_LocalScale.y
      value: 1.2
      objectReference: {fileID: 0}
    - target: {fileID: 514647032414356332, guid: 077e879027da6b64fb90cc08e7565f89,
        type: 3}
      propertyPath: m_LocalPosition.x
      value: 0.5099102
      objectReference: {fileID: 0}
    - target: {fileID: 514647032414356332, guid: 077e879027da6b64fb90cc08e7565f89,
        type: 3}
      propertyPath: m_LocalPosition.y
      value: 0.124168865
      objectReference: {fileID: 0}
    - target: {fileID: 514647032414356332, guid: 077e879027da6b64fb90cc08e7565f89,
        type: 3}
      propertyPath: m_LocalPosition.z
      value: 0
      objectReference: {fileID: 0}
    - target: {fileID: 514647032414356332, guid: 077e879027da6b64fb90cc08e7565f89,
        type: 3}
      propertyPath: m_LocalRotation.w
      value: 0.7084015
      objectReference: {fileID: 0}
    - target: {fileID: 514647032414356332, guid: 077e879027da6b64fb90cc08e7565f89,
        type: 3}
      propertyPath: m_LocalRotation.x
      value: -0
      objectReference: {fileID: 0}
    - target: {fileID: 514647032414356332, guid: 077e879027da6b64fb90cc08e7565f89,
        type: 3}
      propertyPath: m_LocalRotation.y
      value: -0
      objectReference: {fileID: 0}
    - target: {fileID: 514647032414356332, guid: 077e879027da6b64fb90cc08e7565f89,
        type: 3}
      propertyPath: m_LocalRotation.z
      value: 0.7058097
      objectReference: {fileID: 0}
    - target: {fileID: 514647032414356332, guid: 077e879027da6b64fb90cc08e7565f89,
        type: 3}
      propertyPath: m_LocalEulerAnglesHint.x
      value: 0
      objectReference: {fileID: 0}
    - target: {fileID: 514647032414356332, guid: 077e879027da6b64fb90cc08e7565f89,
        type: 3}
      propertyPath: m_LocalEulerAnglesHint.y
      value: 0
      objectReference: {fileID: 0}
    - target: {fileID: 514647032414356332, guid: 077e879027da6b64fb90cc08e7565f89,
        type: 3}
      propertyPath: m_LocalEulerAnglesHint.z
      value: 87.2
      objectReference: {fileID: 0}
    - target: {fileID: 1223698404132667287, guid: 077e879027da6b64fb90cc08e7565f89,
        type: 3}
      propertyPath: m_Name
      value: LigthForMonitor
      objectReference: {fileID: 0}
    - target: {fileID: 1223698404132667287, guid: 077e879027da6b64fb90cc08e7565f89,
        type: 3}
      propertyPath: m_Layer
      value: 11
      objectReference: {fileID: 0}
    m_RemovedComponents: []
  m_SourcePrefab: {fileID: 100100000, guid: 077e879027da6b64fb90cc08e7565f89, type: 3}
--- !u!4 &4400343508064623591 stripped
Transform:
  m_CorrespondingSourceObject: {fileID: 514647032414356332, guid: 077e879027da6b64fb90cc08e7565f89,
    type: 3}
  m_PrefabInstance: {fileID: 4194343997019723915}
  m_PrefabAsset: {fileID: 0}
